@article{
   paper1,
   title={Quantum error correction for beginners},
   volume={76},
   ISSN={1361-6633},
   url={http://dx.doi.org/10.1088/0034-4885/76/7/076001},
   DOI={10.1088/0034-4885/76/7/076001},
   number={7},
   journal={Reports on Progress in Physics},
   publisher={IOP Publishing},
   author={Devitt, Simon J and Munro, William J and Nemoto, Kae},
   year={2013},
   month=jun, pages={076001} }

@article{
   paper2,
   title={Entanglement purification and quantum error correction},
   volume={70},
   ISSN={1361-6633},
   url={http://dx.doi.org/10.1088/0034-4885/70/8/R03},
   DOI={10.1088/0034-4885/70/8/r03},
   number={8},
   journal={Reports on Progress in Physics},
   publisher={IOP Publishing},
   author={Dür, W and Briegel, H J},
   year={2007},
   month=jul, pages={1381–1424} }
